@misc{kubsch_krist_rosenberg_2022,
 title={Distributing Epistemic Functions and Tasks - A Framework for Augmenting Human Analytic Power With Machine Learning in Science Education Research},
 url={osf.io/sg9jk},
 DOI={10.31219/osf.io/sg9jk},
 publisher={OSF Preprints},
 author={Kubsch, Marcus and Krist, Christina and Rosenberg, Joshua},
 year={2022},
 month={Jan}
}