@Article{1,
  author = {E Curie and M Giustiniani},
  title = {Madame Curie},
  journaltitle = {Gallimard},
  year = {1938},
  key = {1},
}

@Article{2,
  author = {P Curie and M Sklodowska-Curie},
  title = {Sur une substance nouvelle radio-active, contenue dans la pechblende},
  journaltitle = {CR Acad. Sci. Paris},
  year = {1898},
  key = {2},
}

@Article{3,
  author = {M Curie and {Lippmann}},
  title = {Rayons émis par les composés de l'uranium et du thorium},
  journaltitle = {Gauthier-Villars},
  year = {1898},
  key = {3},
}

@Article{4,
  author = {M Curie},
  title = {Pierre Curie},
  journaltitle = {Macmillan},
  year = {1923},
  key = {4},
}

@Article{5,
  author = {M Curie and A Debierne and AS Eve and H Geiger and O Hahn and SC Lind and E Rutherford and {...}},
  title = {The Radioactive Constants as of 1930 Report of the International Radium-Standards Commission},
  journaltitle = {Reviews of Modern Physics},
  year = {1931},
  key = {5},
}

@Article{6,
  author = {M Curie},
  title = {La radiologie et la guerre},
  journaltitle = {Library of Alexandria},
  year = {1921},
  key = {6},
}

@Article{7,
  author = {M Curie},
  title = {Recherches sur les substances radioactives},
  journaltitle = {Gauthier-Villars},
  year = {1904},
  key = {7},
}

@Article{8,
  author = {M Curie},
  title = {Traité de radioactivité},
  journaltitle = {Gauthier-Villars},
  year = {1910},
  key = {8},
}

@Article{9,
  author = {M Curie},
  title = {Radio-active substances},
  journaltitle = {Chemical News Office},
  year = {1904},
  key = {9},
}

@Article{10,
  author = {P Curie and M Curie},
  title = {Sur la radioactivite provoquee par les rayons de Becquerel},
  journaltitle = {Gauthier-Villars},
  year = {1899},
  key = {10},
}

@Article{11,
  author = {M Sklodowska-Curie},
  title = {Sur la pénétration des rayons de Becquerel non déviables par le champ magnétique},
  journaltitle = {CR Acad Sci},
  year = {1900},
  key = {11},
}

@Article{12,
  author = {MS Curie},
  title = {Radioactivité},
  journaltitle = {Hermann},
  year = {1935},
  key = {12},
}

@Article{13,
  author = {M Curie},
  title = {Sur l’étude des courbes de probabilité relatives à l’action des rayons X sur les bacilles},
  journaltitle = {Comptes rendus l’Académie des Sci},
  year = {1929},
  key = {13},
}

@Article{15,
  author = {P Curie and M Curie},
  title = {Sur la charge électrique des rayons déviables du radium},
  journaltitle = {CR Acad Sci Paris},
  year = {1900},
  key = {15},
}
