@Manual{R-tibble,
  title = {tibble: Simple Data Frames},
  author = {Kirill MÃ¼ller and Hadley Wickham},
  year = {2021},
  note = {R package version 3.1.6},
  url = {https://CRAN.R-project.org/package=tibble},
}

@Manual{R-vitae,
  title = {vitae: Curriculum Vitae for R Markdown},
  author = {Mitchell O'Hara-Wild and Rob Hyndman},
  year = {2021},
  note = {R package version 0.5.1},
  url = {https://CRAN.R-project.org/package=vitae},
}

@misc{kubsch_krist_rosenberg_2022,
 title={Distributing Epistemic Functions and Tasks - A Framework for Augmenting Human Analytic Power With Machine Learning in Science Education Research},
 url={osf.io/sg9jk},
 DOI={10.31219/osf.io/sg9jk},
 publisher={OSF Preprints},
 author={Kubsch, Marcus and Krist, Christina and Rosenberg, Joshua},
 year={2022},
 month={Jan}
}

@article{rosenberg_kubsch_wagenmakers_dogucu_2021,
 title={Making Sense of Uncertainty in the Science Classroom: A Bayesian Approach},
 url={osf.io/aznyq},
 DOI={10.31219/osf.io/aznyq},
 journal={Science & Education},
 author={Rosenberg, Joshua and Kubsch, Marcus and Wagenmakers, Eric-Jan and Dogucu, Mine},
 year={2022},
 month={February}
}