@Article{rosenberg_tidy,
    title = {tidyLPA: An R Package to Easily Carry Out Latent Profile
    Analysis (LPA) Using Open-Source or Commercial Software},
    author = {Joshua M. Rosenberg and Patrick N. Beymer and Daniel J.
    Anderson and Caspar J. {Van Lissa} and Jennifer A. Schmidt},
    journal = {Journal of Open Source Software},
    year = {2018},
    volume = {3},
    number = {30},
    pages = {978},
    url = {https://joss.theoj.org/papers/10.21105/joss.00978},
    doi = {10.21105/joss.00978},
}

@misc{rosenberg_konfound,
    title = {konfound: Quantify the Robustness of Causal Inferences},
    author = {Joshua M Rosenberg},
    year = {2018},
    publisher = {CRAN},
    note = {R package version 0.4.0},
    url = {https://github.com/jrosen48/konfound},
}

@misc{rosenberg_konfound_shiny,
    title = {Konfound-It! Shiny app},
    author = {Joshua M Rosenberg and Ran Xu and Qinyun Lin and Kenneth A. Frank},
    year = {2022},
    publisher = {Shinyapps.io},
    note = {R package version 0.4.0},
    url = {http://konfound-it.com/},
}